<record><leader>00000cas a2200000 i 4500</leader><controlfield tag="001">845062565</controlfield><controlfield tag="008">130530u1948uuuunyudr ne      0    0eng c</controlfield><datafield ind1=" " ind2=" " tag="010"><subfield code="a">  2013254768</subfield></datafield><datafield ind1=" " ind2=" " tag="040"><subfield code="a">NDD</subfield><subfield code="b">eng</subfield><subfield code="e">rda</subfield><subfield code="c">NDD</subfield><subfield code="d">NDD</subfield><subfield code="d">DLC</subfield><subfield code="d">OCLCF</subfield></datafield><datafield ind1=" " ind2=" " tag="042"><subfield code="a">pcc</subfield></datafield><datafield ind1="0" ind2="0" tag="050"><subfield code="a">Newspaper</subfield></datafield><datafield ind1="0" ind2=" " tag="130"><subfield code="a">New York times (New York, NY : International air edition)</subfield></datafield><datafield ind1="1" ind2="4" tag="245"><subfield code="a">The New York times.</subfield></datafield><datafield ind1=" " ind2=" " tag="250"><subfield code="a">International air edition.</subfield></datafield><datafield ind1=" " ind2="1" tag="264"><subfield code="a">New York :</subfield><subfield code="b">New York Times Company,</subfield><subfield code="c">1948-</subfield></datafield><datafield ind1=" " ind2=" " tag="300"><subfield code="b">photographs ;</subfield><subfield code="c">58 cm.</subfield></datafield><datafield ind1=" " ind2=" " tag="336"><subfield code="a">text</subfield><subfield code="b">txt</subfield><subfield code="2">rdacontent</subfield></datafield><datafield ind1=" " ind2=" " tag="337"><subfield code="a">unmediated</subfield><subfield code="b">n</subfield><subfield code="2">rdamedia</subfield></datafield><datafield ind1=" " ind2=" " tag="338"><subfield code="a">volume</subfield><subfield code="b">nc</subfield><subfield code="2">rdacarrier</subfield></datafield><datafield ind1="1" ind2=" " tag="362"><subfield code="a">Began with: Vol. XCVIII, No. 33,194 (Saturday, December 11, 1948).</subfield></datafield><datafield ind1=" " ind2=" " tag="500"><subfield code="a">From 1 July 1950 to 25 Oct.1952 printed in Paris; from 26 Oct. to 7 Nov.1952 in Paris and Amsterdam; from 8 Nov.1952 onward in Amsterdam.</subfield></datafield><datafield ind1=" " ind2=" " tag="580"><subfield code="a">Other ed.: New York times (New York, N.Y. : 1857).</subfield></datafield><datafield ind1=" " ind2=" " tag="588"><subfield code="a">Description based on: Vol. XCVIII, No. 33,194 (Saturday, December 11, 1948); title from masthead.</subfield></datafield><datafield ind1=" " ind2=" " tag="588"><subfield code="a">Latest issue consulted: Vol. CIV, No. 35, 344 (Sunday, October 31, 1954).</subfield></datafield><datafield ind1=" " ind2="0" tag="650"><subfield code="a">Americans</subfield><subfield code="z">France</subfield><subfield code="z">Paris</subfield><subfield code="v">Newspapers.</subfield></datafield><datafield ind1=" " ind2="0" tag="650"><subfield code="a">Americans</subfield><subfield code="z">Europe</subfield><subfield code="v">Newspapers.</subfield></datafield><datafield ind1=" " ind2="0" tag="651"><subfield code="a">Paris (France)</subfield><subfield code="v">Newspapers.</subfield></datafield><datafield ind1=" " ind2="7" tag="655"><subfield code="a">Newspapers.</subfield><subfield code="2">fast</subfield><subfield code="0">(OCoLC)fst01423814</subfield></datafield><datafield ind1=" " ind2="7" tag="650"><subfield code="a">Americans.</subfield><subfield code="2">fast</subfield><subfield code="0">(OCoLC)fst00807488</subfield></datafield><datafield ind1=" " ind2="7" tag="651"><subfield code="a">Europe.</subfield><subfield code="2">fast</subfield><subfield code="0">(OCoLC)fst01245064</subfield></datafield><datafield ind1=" " ind2="7" tag="651"><subfield code="a">France</subfield><subfield code="z">Paris.</subfield><subfield code="2">fast</subfield><subfield code="0">(OCoLC)fst01205283</subfield></datafield><datafield ind1=" " ind2=" " tag="752"><subfield code="a">France</subfield><subfield code="d">Paris.</subfield></datafield><datafield ind1="1" ind2=" " tag="775"><subfield code="t">New York times</subfield><subfield code="w">(DLC)sn 78004456</subfield><subfield code="w">(OCoLC)1645522</subfield></datafield><datafield ind1="0" ind2="0" tag="780"><subfield code="t">New York times (New York, NY : Paris U.N. edition)</subfield><subfield code="w">(DLC)  2013254773</subfield><subfield code="w">(OCoLC)845062704</subfield></datafield></record>